<?xml version="1.0" encoding="UTF-8"?><collection xmlns="http://www.loc.gov/MARC21/slim"><record><leader>00594nam--2200205-i-4500</leader><controlfield tag="001">000013232</controlfield><controlfield tag="002">20161230</controlfield><controlfield tag="005">20161230201030</controlfield><controlfield tag="008">060222s1000------------r-----000-0-rum-d</controlfield><datafield ind1=" " ind2=" " tag="020"><subfield code="a">973974916x</subfield></datafield><datafield ind1=" " ind2=" " tag="040"><subfield code="a">IFIN-HH</subfield></datafield><datafield ind1=" " ind2=" " tag="041"><subfield code="a">rum</subfield></datafield><datafield ind1=" " ind2=" " tag="080"><subfield code="a">541.13:621.35</subfield></datafield><datafield ind1="1" ind2=" " tag="100"><subfield code="a">Boncoicat, Nicolae</subfield></datafield><datafield ind1="1" ind2="0" tag="245"><subfield code="a">Electrochimie si aplicatii</subfield><subfield code="b">Pentru ciclul al doilea universitar si ciclul de studii aprofundate</subfield><subfield code="c">Nicolae bonciocat</subfield></datafield><datafield ind1=" " ind2=" " tag="250"><subfield code="a">Editia A Doua</subfield></datafield><datafield ind1=" " ind2=" " tag="260"><subfield code="a">Timisoara</subfield><subfield code="b">Editura Dacia-europa Nova</subfield><subfield code="c">1996</subfield></datafield><datafield ind1=" " ind2=" " tag="300"><subfield code="a">263p</subfield></datafield><datafield ind1=" " ind2=" " tag="852"><subfield code="a">81187</subfield><subfield code="c">541.13</subfield></datafield><datafield ind1=" " ind2=" " tag="CAT"><subfield code="a">Sys</subfield><subfield code="c">20110405</subfield><subfield code="h">160703</subfield></datafield></record></collection>